@BOOK{barabasi.stanley:95:fractal,
  AUTHOR = {Barabási, Albert-László and Stanley, H. Eugene},
  PUBLISHER = {Cambridge University Press, Cambridge},
  URL = {https://doi.org/10.1017/CBO9780511599798},
  DATE = {1995},
  DOI = {10.1017/CBO9780511599798},
  ISBN = {0-521-48318-2},
  PAGES = {xx+366},
  TITLE = {Fractal concepts in surface growth},
}

@ARTICLE{chen.xia:23:asymptotic,
  AUTHOR = {Chen, Le and Xia, Panqiu},
  URL = {http://arXiv.org/abs/2306.06761},
  DATE = {2023-06},
  JOURNALTITLE = {Preprint arXiv:2306.06761, to appear in Annals of Probability},
  TITLE = {Asymptotic properties of stochastic partial differential equations in the sublinear regime},
}

@ARTICLE{conus.joseph.ea:13:on,
  AUTHOR = {Conus, Daniel and Joseph, Mathew and Khoshnevisan, Davar and Shiu, Shang-Yuan},
  URL = {https://doi.org/10.1007/s00440-012-0434-3},
  DATE = {2013},
  DOI = {10.1007/s00440-012-0434-3},
  ISSN = {0178-8051},
  JOURNALTITLE = {Probab. Theory Related Fields},
  NUMBER = {3-4},
  PAGES = {483--533},
  TITLE = {On the chaotic character of the stochastic heat equation, {II}},
  VOLUME = {156},
}

@ARTICLE{kardar.parisi.ea:86:dynamic,
  AUTHOR = {Kardar, Mehran and Parisi, Giorgio and Zhang, Yi-Cheng},
  PUBLISHER = {APS},
  URL = {https://doi.org/10.1103/PhysRevLett.56.889},
  DATE = {1986},
  DOI = {10.1103/PhysRevLett.56.889},
  JOURNALTITLE = {Phys. Rev. Lett.},
  NUMBER = {9},
  PAGES = {889},
  TITLE = {Dynamic scaling of growing interfaces},
  VOLUME = {56},
}

@ARTICLE{kertesz.horvath.ea:93:self-affine,
  AUTHOR = {Kertész, János and Horváth, Viktor k. and Weber, Ferenc},
  URL = {https://doi.org/10.1142/S0218348X93000101},
  DATE = {1993},
  DOI = {10.1142/S0218348X93000101},
  EPRINT = {https://doi.org/10.1142/S0218348X93000101},
  JOURNALTITLE = {Fractals},
  NUMBER = {01},
  PAGES = {67--74},
  TITLE = {Self-affine rupture lines in paper sheets},
  VOLUME = {01},
}

@ARTICLE{khoshnevisan:03:intersections,
  AUTHOR = {Khoshnevisan, Davar},
  URL = {https://doi.org/10.1016/S0723-0869(03)80013-0},
  DATE = {2003},
  DOI = {10.1016/S0723-0869(03)80013-0},
  ISSN = {0723-0869},
  JOURNALTITLE = {Expo. Math.},
  NUMBER = {2},
  PAGES = {97--114},
  TITLE = {Intersections of {B}rownian motions},
  VOLUME = {21},
}

@ARTICLE{khoshnevisan.kim.ea:17:intermittency,
  AUTHOR = {Khoshnevisan, Davar and Kim, Kunwoo and Xiao, Yimin},
  URL = {https://doi.org/10.1214/16-AOP1147},
  DATE = {2017},
  DOI = {10.1214/16-AOP1147},
  ISSN = {0091-1798},
  JOURNALTITLE = {Ann. Probab.},
  NUMBER = {6A},
  PAGES = {3697--3751},
  TITLE = {Intermittency and multifractality: a case study via parabolic stochastic {PDE}s},
  VOLUME = {45},
}

@ARTICLE{khoshnevisan.xiao:15:brownian,
  AUTHOR = {Khoshnevisan, Davar and Xiao, Yimin},
  URL = {https://doi.org/10.1214/14-AOP910},
  DATE = {2015},
  DOI = {10.1214/14-AOP910},
  ISSN = {0091-1798},
  JOURNALTITLE = {Ann. Probab.},
  NUMBER = {1},
  PAGES = {405--434},
  TITLE = {Brownian motion and thermal capacity},
  VOLUME = {43},
}

@ARTICLE{santalla.ferreira:18:eden,
  AUTHOR = {Santalla, Silvia N. and Ferreira, Silvio C.},
  PUBLISHER = {American Physical Society},
  URL = {https://link.aps.org/doi/10.1103/PhysRevE.98.022405},
  DATE = {2018-08},
  DOI = {10.1103/PhysRevE.98.022405},
  ISSUE = {2},
  JOURNALTITLE = {Phys. Rev. E},
  PAGES = {022405},
  TITLE = {Eden model with nonlocal growth rules and kinetic roughening in biological systems},
  VOLUME = {98},
}

@ARTICLE{takeuchi.sano.ea:11:growing,
  AUTHOR = {Takeuchi, Kazumasa A and Sano, Masaki and Sasamoto, Tomohiro and Spohn, Herbert},
  PUBLISHER = {Nature Publishing Group},
  DATE = {2011},
  JOURNALTITLE = {Sci. Rep.},
  NUMBER = {1},
  PAGES = {1--5},
  TITLE = {Growing interfaces uncover universal fluctuations behind scale invariance},
  VOLUME = {1},
}

@ARTICLE{zel-dovich.molchanov.ea:87:self-excitation,
  AUTHOR = {Zel{\cprime}dovich, Ya. B. and Molchanov, S. A. and Ruzmau{i}kin, A. A. and Sokoloff, D. D.},
  URL = {https://doi.org/10.1073/pnas.84.18.6323},
  DATE = {1987},
  DOI = {10.1073/pnas.84.18.6323},
  ISSN = {0027-8424},
  JOURNALTITLE = {Proc. Nat. Acad. Sci. U.S.A.},
  NUMBER = {18},
  PAGES = {6323--6325},
  TITLE = {Self-excitation of a nonlinear scalar field in a random medium},
  VOLUME = {84},
}

@BOOK{zel-dovich.ruzmauikin.ea:90:almighty,
  AUTHOR = {Zel{\cprime}dovich, Ya. B. and Ruzmauikin, A. A. and Sokoloff, D. D.},
  PUBLISHER = {World Scientific Publishing Co., Inc., River Edge, NJ},
  URL = {https://doi.org/10.1142/9789812799197},
  DATE = {1990},
  DOI = {10.1142/9789812799197},
  ISBN = {9971-50-916-4; 9971-50-917-2},
  NOTE = {Translated from the Russian by Anvar Shukurov},
  PAGES = {xii+316},
  SERIES = {World Scientific Lecture Notes in Physics},
  TITLE = {The almighty chance},
  VOLUME = {20},
}

@ARTICLE{zhang.zhang.ea:92:modeling,
  AUTHOR = {Zhang, Jun and Zhang, Y.-C. and Alstrøm, P. and Levinsen, M.T.},
  URL = {https://www.sciencedirect.com/science/article/pii/037843719290050Z},
  DATE = {1992},
  DOI = {https://doi.org/10.1016/0378-4371(92)90050-Z},
  ISSN = {0378--4371},
  JOURNALTITLE = {Phys. A: Stat. Mech. Appl.},
  NUMBER = {3},
  PAGES = {383--389},
  TITLE = {Modeling forest fire by a paper-burning experiment, a realization of the interface growth mechanism},
  VOLUME = {189},
}

